@article{Macenski2022,
  author = {Macenski, S. and Foote, T. and Gerkey, B. and Lalancette, C. and Woodall, W.},
  title = {Robot Operating System 2: Design, architecture, and uses in the wild},
  journal = {Science Robotics},
  volume = {7},
  number = {66},
  pages = {eabm6074},
  year = {2022}
}

@misc{BlueRoboticsT200,
  author = {Blue Robotics Inc.},
  title = {T200 Thruster},
  howpublished = {Retrieved from \url{https://bluerobotics.com/store/thrusters/t100-t200-thrusters/t200-thruster-r2-rp/}},
}

@misc{OpenCVPython,
  author = {OpenCV},
  title = {OpenCV-Python Documentation},
  howpublished = {Retrieved from \url{https://docs.opencv.org/4.x/d0/de3/tutorial_py_intro.html}},
}

@misc{ArduinoNanoRP2040,
  author = {Arduino Official Store},
  title = {Arduino Nano RP2040 Connect},
  howpublished = {Retrieved from \url{https://store.arduino.cc/products/arduino-nano-rp2040-connect}},
}

@misc{CurbellHDPE,
  author = {Curbell Plastics},
  title = {HDPE Material: HDPE plastic uses, characteristics, properties},
  howpublished = {Retrieved from \url{https://www.curbellplastics.com/materials/plastics/}},
}

@misc{zedcamera,
  author = {SteroLabs},
  title = {Stereolabs Docs: API Reference, Tutorials, and Integration},
  howpublished = {Retrieved from \url{https://www.stereolabs.com/docs}},
}

@misc{manual,
  author = {Marine Technology Society},
  title = {MATE ROV Competition Manual},
  howpublished = {Retrieved from \url{https://20693798.fs1.hubspotusercontent-na1.net/hubfs/20693798/2025\%20EXPLORER\%20Manual_FINAL_1_6_withCover.pdf}},
}